@misc{codecoffee,
      author = "CodeCoffee",
      title = "What are the SUID, SGID and the Sticky Bits?",
      month = "11",
      year = "2005",
      url = "http://www.codecoffee.com/tipsforlinux/articles/028.html"
}

@misc{dbus,
      author = "Alan Coopersmith, Joe Rayhawk",
      title = "Introduction to DBus",
      month = "07",
      year = "2013",
      url = "https://www.freedesktop.org/wiki/IntroductionToDBus/"
}

@misc{logind,
      author = "Joe Rayhawk, nis.martensen, Lennart Poettering, zbyszek",
      title = "logind",
      month = "11",
      year = "2017",
      url = "https://www.freedesktop.org/wiki/Software/systemd/logind/"
}
	
@misc{dbus-send,
      author = "Philip Blundell",
      title = "dbus-send — Send a message to a message bus",
      month = "10",
      year = "2017",
      url = "https://www.freedesktop.org/wiki/Software/dbus/"
}
	
@misc{katz,
      author = "Matías Katz",
      title = "Hardware Backdooring X11 with much class and no privileges",
      month = "03",
      year = "2016",
      url = "https://goo.gl/67oK6R"
}

@misc{dbus-python,
      author = "Simon McVittie",
      title = "dbus-python tutorial",
      month = "06",
      year = "2005",
      url = "https://dbus.freedesktop.org/doc/dbus-python/doc/tutorial.html"
}
